@manual{tmr,
	author = {Texas Instruments},
	title = {TMS320F2837xD Dual-Core Microcontrollers, Technical Reference Manual},
	date = {December, 2013, revised September 2019},
	language = {English},
	organization = {Texas Instruments},
	pagetotal = {2871},
	pubstate = {December, 2013},
	year = {December, 2013},
}